@inproceedings{Lundberg2017SHAP,
  title={A Unified Approach to Interpreting Model Predictions},
  author={Lundberg, Scott M and Lee, Su-In},
  booktitle={Advances in Neural Information Processing Systems},
  year={2017}
}
@inproceedings{Ribeiro2016LIME,
  title={"Why Should I Trust You?": Explaining the Predictions of Any Classifier},
  author={Ribeiro, Marco Tulio and Singh, Sameer and Guestrin, Carlos},
  booktitle={KDD},
  year={2016}
}
@inproceedings{KohLiang2017Influence,
  title={Understanding Black-box Predictions via Influence Functions},
  author={Koh, Pang Wei and Liang, Percy},
  booktitle={ICML},
  year={2017}
}
@inproceedings{ChenGuestrin2016XGBoost,
  title={XGBoost: A Scalable Tree Boosting System},
  author={Chen, Tianqi and Guestrin, Carlos},
  booktitle={KDD},
  year={2016}
}
@article{Kiran2024AdaBoostInterpretability,
  title={A Novel Approach for Model Interpretability and Domain Aware Fine-Tuning in AdaBoost},
  author={Kiran, Raj Joseph and Sanil, J. and Asharaf, S.},
  journal={Human-Centric Intelligent Systems},
  year={2024}
}
